<record><leader>00000cas a2200000 a 4500</leader><controlfield tag="001">794980949</controlfield><controlfield tag="006">m     o  d        </controlfield><controlfield tag="007">cr |||||||||||</controlfield><controlfield tag="008">120608d18751876tnudn neo     0    0eng c</controlfield><datafield ind1=" " ind2=" " tag="010"><subfield code="a">  2012263142</subfield></datafield><datafield ind1=" " ind2=" " tag="040"><subfield code="a">TXA</subfield><subfield code="b">eng</subfield><subfield code="c">TXA</subfield><subfield code="d">TXA</subfield><subfield code="d">OCLCA</subfield><subfield code="d">OCLCF</subfield><subfield code="d">OCLCQ</subfield></datafield><datafield ind1=" " ind2=" " tag="019"><subfield code="a">990401915</subfield><subfield code="a">994503617</subfield></datafield><datafield ind1="1" ind2=" " tag="029"><subfield code="a">NZ1</subfield><subfield code="b">16094690</subfield></datafield><datafield ind1=" " ind2=" " tag="037"><subfield code="b">ProQuest, LLC, 789 E. Eisenhower Parkway, Ann Arbor, MI 48106-1346</subfield></datafield><datafield ind1=" " ind2=" " tag="042"><subfield code="a">pcc</subfield></datafield><datafield ind1=" " ind2=" " tag="043"><subfield code="a">n-us-tn</subfield></datafield><datafield ind1="0" ind2=" " tag="130"><subfield code="a">American (Nashville, Tenn.)</subfield></datafield><datafield ind1="1" ind2="4" tag="245"><subfield code="a">The American.</subfield></datafield><datafield ind1="1" ind2=" " tag="246"><subfield code="a">Daily American</subfield></datafield><datafield ind1="1" ind2=" " tag="246"><subfield code="a">Nashville daily American</subfield></datafield><datafield ind1=" " ind2=" " tag="260"><subfield code="a">Nashville, Tenn. :</subfield><subfield code="b">Union and American Pub. Co.</subfield></datafield><datafield ind1=" " ind2=" " tag="310"><subfield code="a">Daily (except Monday)</subfield></datafield><datafield ind1=" " ind2=" " tag="336"><subfield code="a">text</subfield><subfield code="b">txt</subfield><subfield code="2">rdacontent</subfield></datafield><datafield ind1=" " ind2=" " tag="337"><subfield code="a">computer</subfield><subfield code="b">c</subfield><subfield code="2">rdamedia</subfield></datafield><datafield ind1=" " ind2=" " tag="338"><subfield code="a">online resource</subfield><subfield code="b">cr</subfield><subfield code="2">rdacarrier</subfield></datafield><datafield ind1="1" ind2=" " tag="362"><subfield code="a">Began with: New Ser., v. 1, no. 1 (Sept. 1, 1875); ceased with: Vol. 1, no. 145 (Feb. 17, 1876).</subfield></datafield><datafield ind1=" " ind2=" " tag="580"><subfield code="a">Formed by the union of: Republican banner (Nashville, Tenn. : 1854 : Daily), and: Nashville union and American (Nashville, Tenn. : 1868 : Daily).</subfield></datafield><datafield ind1=" " ind2=" " tag="588"><subfield code="a">Description based on: New Ser., v. 1, no. 1 (Sept. 1, 1875); title from PDF p. 1 banner (ProQuest, viewed June 7, 2012).</subfield></datafield><datafield ind1=" " ind2=" " tag="588"><subfield code="a">Latest issue consulted: Vol. 1, no. 145 (Feb. 17, 1876) (ProQuest, viewed June 7, 2012).</subfield></datafield><datafield ind1=" " ind2="0" tag="651"><subfield code="a">Nashville (Tenn.)</subfield><subfield code="v">Newspapers.</subfield></datafield><datafield ind1=" " ind2="0" tag="651"><subfield code="a">Davidson County (Tenn.)</subfield><subfield code="v">Newspapers.</subfield></datafield><datafield ind1=" " ind2="7" tag="651"><subfield code="a">Tennessee</subfield><subfield code="z">Davidson County.</subfield><subfield code="2">fast</subfield><subfield code="0">(OCoLC)fst01205346</subfield></datafield><datafield ind1=" " ind2="7" tag="651"><subfield code="a">Tennessee</subfield><subfield code="z">Nashville.</subfield><subfield code="2">fast</subfield><subfield code="0">(OCoLC)fst01204195</subfield></datafield><datafield ind1=" " ind2="7" tag="655"><subfield code="a">Newspapers.</subfield><subfield code="2">fast</subfield><subfield code="0">(OCoLC)fst01423814</subfield></datafield><datafield ind1=" " ind2=" " tag="752"><subfield code="a">United States</subfield><subfield code="b">Tennessee</subfield><subfield code="c">Davidson</subfield><subfield code="d">Nashville.</subfield></datafield><datafield ind1="0" ind2=" " tag="775"><subfield code="t">Weekly American (Nashville, Tenn.)</subfield></datafield><datafield ind1="0" ind2="8" tag="776"><subfield code="i">Print version:</subfield><subfield code="t">American (Nashville, Tenn.)</subfield><subfield code="w">(DLC)sn 86071145</subfield><subfield code="w">(OCoLC)13190851</subfield></datafield><datafield ind1="1" ind2="4" tag="780"><subfield code="t">Republican banner (Nashville, Tenn. : 1854 : Daily)</subfield><subfield code="w">(DLC)  2012263141</subfield><subfield code="w">(OCoLC)794998762</subfield></datafield><datafield ind1="1" ind2="4" tag="780"><subfield code="t">Nashville union and American (Nashville, Tenn. : 1868 : Daily)</subfield></datafield><datafield ind1="0" ind2="0" tag="785"><subfield code="t">Daily American (Nashville, Tenn.)</subfield><subfield code="w">(DLC)  2012263143</subfield><subfield code="w">(OCoLC)794991294</subfield></datafield><datafield ind1="4" ind2="0" tag="856"><subfield code="u">http://search.proquest.com/hnpnashvilletennessean/publicationbrowse/Main/</subfield></datafield></record>